<record><leader>00000cas a22000007a 4500</leader><controlfield tag="001">15253597</controlfield><controlfield tag="008">870228d18671872msuwr ne      0    0eng d</controlfield><datafield ind1=" " ind2=" " tag="010"><subfield code="a">sn 87065182 </subfield></datafield><datafield ind1=" " ind2=" " tag="040"><subfield code="a">MJA</subfield><subfield code="b">eng</subfield><subfield code="c">MJA</subfield><subfield code="d">MSJ</subfield><subfield code="d">CRL</subfield><subfield code="d">OCLCQ</subfield><subfield code="d">CRL</subfield><subfield code="d">OCLCQ</subfield><subfield code="d">OCLCF</subfield><subfield code="d">OCLCO</subfield></datafield><datafield ind1="1" ind2=" " tag="029"><subfield code="a">AU@</subfield><subfield code="b">000025787437</subfield></datafield><datafield ind1=" " ind2=" " tag="042"><subfield code="a">msc</subfield></datafield><datafield ind1=" " ind2=" " tag="043"><subfield code="a">n-us-ms</subfield></datafield><datafield ind1="0" ind2="4" tag="245"><subfield code="a">The Hernando press.</subfield></datafield><datafield ind1=" " ind2=" " tag="260"><subfield code="a">Hernando, Miss. :</subfield><subfield code="b">W.S. Slade,</subfield><subfield code="c">1867-1872.</subfield></datafield><datafield ind1=" " ind2=" " tag="310"><subfield code="a">Weekly</subfield></datafield><datafield ind1="0" ind2=" " tag="362"><subfield code="a">Vol. 2, no. 21 (July 4, 1867)-v. 7, no. 26 (Aug. 1, 1872).</subfield></datafield><datafield ind1=" " ind2="0" tag="651"><subfield code="a">Hernando (Miss.)</subfield><subfield code="v">Newspapers.</subfield></datafield><datafield ind1=" " ind2="7" tag="655"><subfield code="a">Newspapers.</subfield><subfield code="2">fast</subfield><subfield code="0">(OCoLC)fst01423814</subfield></datafield><datafield ind1=" " ind2="7" tag="651"><subfield code="a">Mississippi</subfield><subfield code="z">Hernando.</subfield><subfield code="2">fast</subfield><subfield code="0">(OCoLC)fst01229017</subfield></datafield><datafield ind1=" " ind2=" " tag="752"><subfield code="a">United States</subfield><subfield code="b">Mississippi</subfield><subfield code="c">DeSoto</subfield><subfield code="d">Hernando.</subfield></datafield><datafield ind1="0" ind2="8" tag="776"><subfield code="i">Online version:</subfield><subfield code="t">Hernando press</subfield><subfield code="w">(OCoLC)793750239</subfield></datafield><datafield ind1="0" ind2="0" tag="780"><subfield code="t">People's press (Hernando, Miss.)</subfield><subfield code="w">(DLC)sn 87065647</subfield><subfield code="w">(OCoLC)15253557</subfield></datafield><datafield ind1="0" ind2="0" tag="785"><subfield code="t">Press and times (Hernando, Miss. : 1872)</subfield><subfield code="w">(DLC)sn 85034377</subfield><subfield code="w">(OCoLC)12743475</subfield></datafield></record>